@online{vggpaper,
    author    = "Karen Simonyan and Andrew Zisserman",
    title     = "Very deep convolutional network for large-scale image recognition",
    url       = "https://arxiv.org/pdf/1409.1556.pdf",
    keywords  = "vgg,cnn"
}

@online{mnist,
    author    = "Yann LeCun and Corinna Cortes and Christopher J.C. Burges",
    title     = "Baza danych zawierająca ręcznie pisane cyfry MNIST",
    url       = "http://yann.lecun.com/exdb/mnist/",
    keywords  = "mnist"
}

@online{lenetpaper,
    author    = "Yann LeCun and Corinna Cortes and Christopher J.C. Burges",
    title     = "Gradient-Based Learning Applied to Document Recognition.",
    url       = "http://yann.lecun.com/exdb/publis/pdf/lecun-98.pdf",
    keywords  = "lenetpaper"
}

@online{deeplearningai,
    author  = "Andrew Ng",
    title     = "Kurs deeplearning.ai.",
    url       = "https://www.deeplearning.ai/deep-learning-specialization/",
    keywords  = "deeplearning"
}

@online{gd,
    title     = "Polski artykuł na wikipedii o metodzie gradientu prostego.",
    url       = "https://pl.wikipedia.org/wiki/Metoda_gradientu_prostego",
    keywords  = "gd"
}

@online{adampaper,
    author    = "Diederik P. Kingma and Jimmy Ba",
    title     = "Adam: A Method for Stochastic Optimization.",
    url       = "https://arxiv.org/pdf/1412.6980.pdf",
    keywords  = "adampaper"
}

@online{lenetpaper,
    author    = "Yann LeCun and Corinna Cortes and Christopher J.C. Burges",
    title     = "Gradient-Based Learning Applied to Document Recognition.",
    url       = "http://yann.lecun.com/exdb/publis/pdf/lecun-98.pdf",
    keywords  = "lenetpaper"
}

@online{inceptionpaper,
    author	= "Christian Szegedy and Wei Liu and Yangqing Jia and Pierre Sermanet and Scott Reed and Dragomir Anguelov and Dumitru Erhan and Vincent Vanhoucke and Andrew Rabinovich",
    title	= "Going Deeper with Convolutions",
    url	= "http://arxiv.org/abs/1409.4842",
    keywors = "inception"
}

@online{lucidrepo,
    author	= "https://github.com/tensorflow/lucid/graphs/contributors",
    title	= "Repozytorium z biblioteką lucid.",
    url	= "https://github.com/tensorflow/lucid",
    keywors = "lucid"
}

@article{resnetpaper,
  author    = "Kaiming He and
               Xiangyu Zhang and
               Shaoqing Ren and
               Jian Sun",
  title     = "Deep Residual Learning for Image Recognition",
  journal   = "CoRR",
  volume    = "abs/1512.03385",
  year      = "2015",
  url       = "http://arxiv.org/abs/1512.03385",
  archivePrefix = "arXiv",
  eprint    = "1512.03385",
  timestamp = "Wed, 17 Apr 2019 17:23:45 +0200",
  biburl    = "https://dblp.org/rec/bib/journals/corr/HeZRS15",
  bibsource = "dblp computer science bibliography, https://dblp.org"
}

@online{deepdream,
    author    = "Alexander Mordvintsev and Christopher Olah and Mike Tyka",
    title     = "Inceptionism: Going Deeper into Neural Networks",
    url       = "https://ai.googleblog.com/2015/06/inceptionism-going-deeper-into-neural.html",
    keywords  = "deepdream"
}

@online{nstpaper,
    author    = "Leon A. Gatys and Alexander S. Ecker and Matthias Bethge",
    title     = "A Neural Algorithm of Artistic Style",
    url       = "https://arxiv.org/abs/1508.06576",
    keywords  = "vgg,nst"
}

@online{imagenet,
    author    = "http://image-net.org/about-people",
    title     = "Zbiór danych imagenet.",
    url       = "http://www.image-net.org/",
    keywords  = "imagenet"
}

@online{thekeep,
    author    = "Michael Goldberg",
    title     = "The keep",
    url       = "http://www.artnet.com/artists/michael-goldberg/the-keep-OATwKGwjhcYzfjurZZ7R4w2",
    keywords  = "thekeep"
}

@article{einstein,
    author =       "Albert Einstein",
    title =        "{Zur Elektrodynamik bewegter K{\"o}rper}. ({German})
    [{On} the electrodynamics of moving bodies]",
    journal =      "Annalen der Physik",
    volume =       "322",
    number =       "10",
    pages =        "891--921",
    year =         "1905",
    DOI =          "http://dx.doi.org/10.1002/andp.19053221004",
    keywords =     "physics"
}
 
@book{dirac,
    title={The Principles of Quantum Mechanics},
    author={Paul Adrien Maurice Dirac},
    isbn={9780198520115},
    series={International series of monographs on physics},
    year={1981},
    publisher={Clarendon Press},
    keywords = {physics}
}
 
@online{knuthwebsite,
    author    = "Donald Knuth",
    title     = "Knuth: Computers and Typesetting",
    url       = "http://www-cs-faculty.stanford.edu/~uno/abcde.html",
    keywords  = "latex,knuth"
}
 
@inbook{knuth-fa,
    author = "Donald E. Knuth",
    title = "Fundamental Algorithms",
    publisher = "Addison-Wesley",
    year = "1973",
    chapter = "1.2",
    keywords  = "knuth,programming"
}
